<record><leader>00000cas a2200000 a 4500</leader><controlfield tag="001">43754266</controlfield><controlfield tag="008">000331d19361949caucr ne      0    0eng c</controlfield><datafield ind1=" " ind2=" " tag="010"><subfield code="a">sn 00060378 </subfield></datafield><datafield ind1=" " ind2=" " tag="040"><subfield code="a">CNK</subfield><subfield code="b">eng</subfield><subfield code="c">CNK</subfield><subfield code="d">OCLCQ</subfield><subfield code="d">OCLCF</subfield><subfield code="d">OCLCO</subfield></datafield><datafield ind1="1" ind2=" " tag="029"><subfield code="a">AU@</subfield><subfield code="b">000021430939</subfield></datafield><datafield ind1=" " ind2=" " tag="042"><subfield code="a">pcc</subfield></datafield><datafield ind1=" " ind2=" " tag="043"><subfield code="a">n-us-ca</subfield></datafield><datafield ind1="0" ind2="0" tag="245"><subfield code="a">Whittier reporter.</subfield></datafield><datafield ind1="1" ind2=" " tag="246"><subfield code="i">Published on Mondays, Mar. 1-Dec. 27, 1948, and on Thursdays, Jan. 6-May 12, 1949, as:</subfield><subfield code="a">Whittier reporter and southeast county advertiser</subfield></datafield><datafield ind1=" " ind2=" " tag="260"><subfield code="a">Whittier, Calif. :</subfield><subfield code="b">Ted Kennard</subfield></datafield><datafield ind1=" " ind2=" " tag="300"><subfield code="a">v.</subfield></datafield><datafield ind1=" " ind2=" " tag="310"><subfield code="a">Semiweekly</subfield></datafield><datafield ind1="0" ind2=" " tag="362"><subfield code="a">Vol. 8, no. 74 (July 31, 1936)-v. 36 [i.e. 20], no. 35 [i.e. 61] (Aug. 25, 1949).</subfield></datafield><datafield ind1=" " ind2=" " tag="500"><subfield code="a">"The Coast Reporter" and "Whittier Californian" appear in smaller print below "Whittier Reporter."</subfield></datafield><datafield ind1=" " ind2=" " tag="515"><subfield code="a">Numbering is irregular.</subfield></datafield><datafield ind1=" " ind2="0" tag="651"><subfield code="a">Whittier (Calif.)</subfield><subfield code="v">Newspapers.</subfield></datafield><datafield ind1=" " ind2="7" tag="655"><subfield code="a">Newspapers.</subfield><subfield code="2">fast</subfield><subfield code="0">(OCoLC)fst01423814</subfield></datafield><datafield ind1=" " ind2="7" tag="651"><subfield code="a">California</subfield><subfield code="z">Whittier.</subfield><subfield code="2">fast</subfield><subfield code="0">(OCoLC)fst01206898</subfield></datafield><datafield ind1=" " ind2=" " tag="752"><subfield code="a">United States</subfield><subfield code="b">California</subfield><subfield code="c">Los Angeles</subfield><subfield code="d">Whittier.</subfield></datafield><datafield ind1="0" ind2=" " tag="775"><subfield code="t">Southeast county advertiser</subfield><subfield code="w">(DLC)sn 97060622</subfield></datafield><datafield ind1="0" ind2="0" tag="780"><subfield code="t">Coast reporter</subfield><subfield code="w">(DLC)sn 00060387</subfield></datafield><datafield ind1="0" ind2="0" tag="785"><subfield code="t">Whittier star-reporter</subfield><subfield code="w">(DLC)sn 00060383</subfield></datafield></record>